@online{web:ng,
  author       = "NuGet",
  title        = "Официальный сайт",
  url          = {https://www.nuget.org/}
}
@online{web:tc,
  author       = "TeamCity",
  title        = "Официальный сайт",
  url          = {https://www.jetbrains.com/teamcity/}
  
@online{web:fake,
  author       = "FAKE",
  title        = "Документация по языку",
  url          = {http://fsharp.github.io/FAKE/}
}
@online{web:yc,
  author       = "YaccConstructor",
  title        = "Сайт проекта",
  url          = {https://code.google.com/p/recursive-ascent/wiki/YaccConstructor},
}
@online{wiki:pac,
  author       = "Wikipedia",
  title        = "Package management system",
  howpublished = "Википедия, свободная энциклопедия",
  url          = {https://en.wikipedia.org/wiki/Package_manager}
}
