% Fast SpVSpM
@INPROCEEDINGS{7284398:spvspm,
  author={Yang, Carl and Wang, Yangzihao and Owens, John D.},
  booktitle={2015 IEEE International Parallel and Distributed Processing Symposium Workshop}, 
  title={Fast Sparse Matrix and Sparse Vector Multiplication Algorithm on the GPU}, 
  year={2015},
  volume={},
  number={},
  pages={},
  doi={10.1109/IPDPSW.2015.77}}

% Gunrock
@INPROCEEDINGS{7967137,  
  author={Pan, Yuechao and Wang, Yangzihao and Wu, Yuduo and Yang, Carl and Owens, John D.},  
  booktitle={2017 IEEE International Parallel and Distributed Processing Symposium (IPDPS)},   
  title={Multi-GPU Graph Analytics},   
  year={2017},  
  volume={},  
  number={}, 
  pages={}, 
  doi={10.1109/IPDPS.2017.117}
}

% Push-pull efficient
@misc{https://doi.org/10.48550/arxiv.1804.03327:pushpull,
  doi = {10.48550/ARXIV.1804.03327},
  url = {https://arxiv.org/abs/1804.03327},
  author = {Yang, Carl and Buluc, Aydin and Owens, John D.},
  keywords = {Distributed, Parallel, and Cluster Computing (cs.DC), FOS: Computer and information sciences, FOS: Computer and information sciences},
  title = {Implementing Push-Pull Efficiently in GraphBLAS},
  publisher = {arXiv},
  year = {2018},
  copyright = {arXiv.org perpetual, non-exclusive license}
}

% graphblast
@misc{yang2019graphblast,
  title={GraphBLAST: A High-Performance Linear Algebra-based Graph Framework on the GPU},
  author={Carl Yang and Aydin Buluc and John D. Owens},
  year={2019},
  eprint={1908.01407},
  archivePrefix={arXiv},
  primaryClass={cs.DC}
}

% La-Graph
@misc{szarnyas2021lagraph,
  title={LAGraph: Linear Algebra, Network Analysis Libraries, and the Study of Graph Algorithms}, 
  author={Gábor Szárnyas and David A. Bader and Timothy A. Davis and James Kitchen and Timothy G. Mattson and Scott McMillan and Erik Welch},
  year={2021},
  eprint={2104.01661},
  archivePrefix={arXiv},
  primaryClass={cs.MS}
}