
@inproceedings{gllsj,
  title      = {GLL Parsing},
  author     = {Elizabeth Scott and Adrian Johnstone},
  pages      = {113--126},
  crossref  = {ldta2009}
}

@proceedings{ldta2009,
  title =        "Preliminary Proceedings of the Ninth Workshop on Language Descriptions Tools and Applications",
  booktitle =    "Preliminary Proceedings of the Ninth Workshop on Language Descriptions Tools and Applications",
  month =        march,
  year =         {2009},
}

@online{wiki:yacc,
  author = "Wikipedia", 
  title  = "Yacc",
  url    = "https://en.wikipedia.org/wiki/Yacc"
}

@online{yaccsite,
  author = "Stephen C. Johnson", 
  title  = "Yacc",
  url    = "http://dinosaur.compilertools.net/yacc/"
}

@TECHREPORT{LeijenMeijer:parsec,
  author      = {Daan Leijen and Erik Meijer},
  title       = {Parsec: Direct Style Monadic Parser Combinators for the Real World},
  institution = {Department of Computer Science, Universiteit Utrecht},
  number      = {UU-CS-2001-27},
  year        = 2001
}
@online{fparsec,
  author = "Stephan Tolksdorf", 
  title  = "FParsec",
  url    = "http://www.quanttec.com/fparsec/"
}

@online{fsgllgit,
  author = "", 
  title  = "FsGll - source code",
  url    = "https://github.com/YaccConstructor/FsGll"
}

@online{fsglldoc,
  author = "", 
  title  = "FsGll - documentation",
  url    = "http://yaccconstructor.github.io/FsGll/"
}

@online{fsgllpack,
  author = "", 
  title  = "FsGll - NuGet package",
  url    = "https://www.nuget.org/packages/FsGll/"
}

@online{attoparsec,
  author = "Bryan O'Sullivan", 
  title  = "Attoparsec",
  url    = "https://hackage.haskell.org/package/attoparsec"
}



@article{gllcombinators,
  author = "Daniel Spiewak", 
  title  = "Generalized Parser Combinators",
  url    = "https://github.com/djspiewak/gll-combinators",
  year   = "2010"
}


@online{fparsec:createpforwtoref,
  author = "Stephan Tolksdorf", 
  title  = "FParsec:createParserForwardedToRef",
  url    = "http://www.quanttec.com/fparsec/reference/primitives.html\#createParserForwardedToRef"
}




%http://www.quanttec.com/fparsec/reference/operatorprecedenceparser.html



