% ГОСТ Р 7.0.11-2011, Приложение Б, Книги

@inproceedings{azimov1,
  title={Context-free path querying by matrix multiplication},
  author={Azimov, Rustam and Grigorev, Semyon},
  booktitle={Proceedings of the 1st ACM SIGMOD Joint International Workshop on Graph Data Management Experiences \& Systems (GRADES) and Network Data Analytics (NDA)},
  pages={1--10},
  year={2018},
  language={english}
}

@inproceedings{azimov2,
  title={Context-free path querying with single-path semantics by matrix multiplication},
  author={Terekhov, Arseniy and Khoroshev, Artyom and Azimov, Rustam and Grigorev, Semyon},
  booktitle={Proceedings of the 3rd Joint International Workshop on Graph Data Management Experiences \& Systems (GRADES) and Network Data Analytics (NDA)},
  pages={1--12},
  year={2020},
  language={english}
}

@inproceedings{azimov3,
  title={Context-free path querying by kronecker product},
  author={Orachev, Egor and Epelbaum, Ilya and Azimov, Rustam and Grigorev, Semyon},
  booktitle={European Conference on Advances in Databases and Information Systems},
  pages={49--59},
  year={2020},
  organization={Springer},
  language={english}
}

@inproceedings{azimov4,
  title={Context-free path querying with all-path semantics by matrix multiplication},
  author={Azimov, Rustam and Epelbaum, Ilya and Grigorev, Semyon},
  booktitle={Proceedings of the 4th ACM SIGMOD Joint International Workshop on Graph Data Management Experiences \& Systems (GRADES) and Network Data Analytics (NDA)},
  pages={1--7},
  year={2021},
  language={english}
}

@article{azimov5,
  title={Context-Free Path Querying In Terms of Linear Algebra},
  author={Azimov, Rustam},
  journal={Proceedings of the VLDB 2021 PhD Workshop (VLDB-PhD'21)},
  year={2021},
  language={english}
}

@article{azimov6,
  title={Path Querying with Conjunctive Grammars by Matrix Multiplication},
  author={Azimov, Rustam and Grigorev, S},
  journal={Programming and Computer Software},
  volume={45},
  number={7},
  pages={357--364},
  year={2019},
  publisher={Springer},
  language={english}
}

@article{azimov7,
  title={Path Querying Using Conjunctive Grammars},
  author={Azimov, Rustam and Grigorev, Semyon},
  journal={Proceedings of the Institute for System Programming of the RAS},
  volume={30},
  number={2},
  pages={149--166 (In Russ.)},
  year={2018},
  language={english}%,
  %publisher={Федеральное государственное бюджетное учреждение науки Институт системного~…}
}

@article{azimov8,
  title={Context-free path querying with all-path semantics using matrices with sets of intermediate vertices},
  author={Azimov, Rustam and Grigorev, Semyon},
  journal={Scientific and Technical Journal of Information Technologies, Mechanics and Optics},
  volume={21},
  number={4},
  pages={499--505 (In Russ.)},
  year={2021},
  language={english}%,
  %publisher={Федеральное государственное автономное образовательное учреждение высшего~…}
}

@article{barrett2000formal,
  title={Formal-language-constrained path problems},
  author={Barrett, Chris and Jacob, Riko and Marathe, Madhav},
  journal={SIAM Journal on Computing},
  volume={30},
  number={3},
  pages={809--837},
  year={2000},
  publisher={SIAM},
  language={english}
}

@book{abiteboul1995foundations,
  title={Foundations of databases},
  author={Abiteboul, Serge and Hull, Richard and Vianu, Victor},
  volume={8},
  year={1995},
  publisher={Addison-Wesley Reading},
  language={english}
}

@article{rehof2001type,
  title={Type-base flow analysis: from polymorphic subtyping to CFL-reachability},
  author={Rehof, Jakob and F{\"a}hndrich, Manuel},
  journal={ACM SIGPLAN Notices},
  volume={36},
  number={3},
  pages={54--66},
  year={2001},
  publisher={ACM New York, NY, USA},
  language={english}
}

@article{ibaraki1983line,
  title={On-line computation of transitive closures of graphs},
  author={Ibaraki, Toshihide and Katoh, Naoki},
  journal={Information Processing Letters},
  volume={16},
  number={2},
  pages={95--97},
  year={1983},
  publisher={Elsevier},
  language={english}
}

@article{strassen1969gaussian,
  title={Gaussian elimination is not optimal},
  author={Strassen, Volker and others},
  journal={Numerische mathematik},
  volume={13},
  number={4},
  pages={354--356},
  year={1969},
  language={english}
}

@article{hopcroft2001introduction,
  title={Introduction to automata theory, languages, and computation},
  author={Hopcroft, John E and Motwani, Rajeev and Ullman, Jeffrey D},
  journal={Acm Sigact News},
  volume={32},
  number={1},
  pages={60--65},
  year={2001},
  publisher={ACM New York, NY, USA},
  language={english}
}

@inproceedings{socialgraph,
author = {Truong, Quoc-Dinh and Dkaki, Taoufiq and Truong, Quoc-Bao},
year = {2016},
month = {03},
pages = {276-286},
title = {Graph Methods for Social Network Analysis},
volume = {168},
isbn = {978-3-319-46908-9},
doi = {10.1007/978-3-319-46909-6_25},
language={english}
}

@article{valiant1975general,
  title={General context-free recognition in less than cubic time},
  author={Valiant, Leslie G},
  journal={Journal of computer and system sciences},
  volume={10},
  number={2},
  pages={308--315},
  year={1975},
  publisher={Academic Press},
  language={english}
}

@inproceedings{bradford2017efficient,
  title={Efficient exact paths for dyck and semi-dyck labeled path reachability},
  author={Bradford, Phillip G},
  booktitle={2017 IEEE 8th Annual Ubiquitous Computing, Electronics and Mobile Communication Conference (UEMCON)},
  pages={247--253},
  year={2017},
  organization={IEEE},
  language={english}
}

@article{scott2010gll,
  title={GLL parsing},
  author={Scott, Elizabeth and Johnstone, Adrian},
  journal={Electronic Notes in Theoretical Computer Science},
  volume={253},
  number={7},
  pages={177--189},
  year={2010},
  publisher={Elsevier},
  language={english}
}

@article{bellman1958routing,
  title={On a routing problem},
  author={Bellman, Richard},
  journal={Quarterly of applied mathematics},
  volume={16},
  number={1},
  pages={87--90},
  year={1958},
  language={english}
}

@incollection{ford2015flows,
  title={Flows in networks},
  author={Ford, Lester Randolph and Fulkerson, Delbert Ray},
  booktitle={Flows in Networks},
  year={2015},
  publisher={Princeton university press},
  language={english}
}

@article{suitesparse1,
  title={Algorithm 1000: SuiteSparse: GraphBLAS: Graph algorithms in the language of sparse linear algebra},
  author={Davis, Timothy A},
  journal={ACM Transactions on Mathematical Software (TOMS)},
  volume={45},
  number={4},
  pages={1--25},
  year={2019},
  publisher={ACM New York, NY, USA},
  language={english}
}

@inproceedings{suitesparse2,
  title={Graph algorithms via SuiteSparse: GraphBLAS: triangle counting and k-truss},
  author={Davis, Timothy A},
  booktitle={2018 IEEE High Performance extreme Computing Conference (HPEC)},
  pages={1--6},
  year={2018},
  organization={IEEE},
  language={english}
}

@article{suitesparse3,
  title={Algorithm 9xx: SuiteSparse: GraphBLAS: graph algorithms in the language of sparse linear algebra},
  author={Davis, Timothy},
  journal={Submitted to ACM TOMS},
  year={2018},
  language={english}
}

@article{graphblast1,
  title={GraphBLAST: A high-performance linear algebra-based graph framework on the GPU},
  author={Yang, Carl and Bulu{\c{c}}, Ayd{\i}n and Owens, John D},
  journal={ACM Transactions on Mathematical Software (TOMS)},
  volume={48},
  number={1},
  pages={1--51},
  year={2022},
  publisher={ACM New York, NY},
  language={english}
}

@article{horwitz1995demand,
  title={Demand interprocedural dataflow analysis},
  author={Horwitz, Susan and Reps, Thomas and Sagiv, Mooly},
  journal={ACM SIGSOFT Software Engineering Notes},
  volume={20},
  number={4},
  pages={104--115},
  year={1995},
  publisher={ACM New York, NY, USA},
  language={english}
}

@inproceedings{tomita1984lr,
  title={LR parsers for natural languages},
  author={Tomita, Masaru},
  booktitle={10th International Conference on Computational Linguistics and 22nd Annual Meeting of the Association for Computational Linguistics},
  pages={354--357},
  year={1984},
  language={english}
}

@book{rivera2017euro,
  title={Euro-Par 2017: Parallel Processing: 23rd International Conference on Parallel and Distributed Computing, Santiago de Compostela, Spain, August 28--September 1, 2017, Proceedings},
  author={Rivera, Francisco F and Pena, Tom{\'a}s F and Cabaleiro, Jos{\'e} C},
  volume={10417},
  year={2017},
  publisher={Springer},
  language={english}
}

@article{scott2007brnglr,
  title={BRNGLR: a cubic Tomita-style GLR parsing algorithm},
  author={Scott, Elizabeth and Johnstone, Adrian and Economopoulos, Rob},
  journal={Acta informatica},
  volume={44},
  number={6},
  pages={427--461},
  year={2007},
  publisher={Springer},
  language={english}
}

@inproceedings{yannakakis1990graph,
  title={Graph-theoretic methods in database theory},
  author={Yannakakis, Mihalis},
  booktitle={Proceedings of the ninth ACM SIGACT-SIGMOD-SIGART symposium on Principles of database systems},
  pages={230--242},
  year={1990},
  language={english}
}

@InProceedings{ainsworth2016graph,
  author =       {Sam Ainsworth and Timothy M Jones},
  title =        {Graph prefetching using data structure knowledge},
  booktitle =    {Proceedings of the 2016 International Conference on Supercomputing},
  year =         2016,
  url =          {https://www.cl.cam.ac.uk/~tmj32/papers/docs/ainsworth16-ics.pdf},
  language={english}
}

@inproceedings{hellings2014conjunctive,
  title={Conjunctive Context-Free Path Queries.},
  author={Hellings, Jelle},
  booktitle={ICDT},
  pages={119--130},
  year={2014},
  language={english}
}

@inproceedings{zhang2016context,
  title={Context-free path queries on RDF graphs},
  author={Zhang, Xiaowang and Feng, Zhiyong and Wang, Xin and Rao, Guozheng and Wu, Wenrui},
  booktitle={International Semantic Web Conference},
  pages={632--648},
  year={2016},
  organization={Springer},
  language={english}
}

@inproceedings{medeiros2018efficient,
  title={Efficient evaluation of context-free path queries for graph databases},
  author={Medeiros, Ciro M and Musicante, Martin A and Costa, Umberto S},
  booktitle={Proceedings of the 33rd Annual ACM Symposium on Applied Computing},
  pages={1230--1237},
  year={2018},
  language={english}
}

@inproceedings{santos2018bottom,
  title={A bottom-up algorithm for answering context-free path queries in graph databases},
  author={Santos, Fred C and Costa, Umberto S and Musicante, Martin A},
  booktitle={International Conference on Web Engineering},
  pages={225--233},
  year={2018},
  organization={Springer},
  language={english}
}

@inproceedings{kuijpers2019experimental,
  title={An experimental study of context-free path query evaluation methods},
  author={Kuijpers, Jochem and Fletcher, George and Yakovets, Nikolay and Lindaaker, Tobias},
  booktitle={Proceedings of the 31st International Conference on Scientific and Statistical Database Management},
  pages={121--132},
  year={2019},
  language={english}
}

@incollection{hellings2020explaining,
  title={Explaining Results of Path Queries on Graphs},
  author={Hellings, Jelle},
  booktitle={Software Foundations for Data Interoperability and Large Scale Graph Data Analytics},
  pages={84--98},
  year={2020},
  publisher={Springer},
  language={english}
}

@inproceedings{wang2016comparative,
  title={A comparative study on exact triangle counting algorithms on the gpu},
  author={Wang, Leyuan and Wang, Yangzihao and Yang, Carl and Owens, John D},
  booktitle={Proceedings of the ACM Workshop on High Performance Graph Processing},
  pages={1--8},
  year={2016},
  language={english}
}

@inproceedings{bulucc2011parallel,
  title={Parallel breadth-first search on distributed memory systems},
  author={Bulu{\c{c}}, Aydin and Madduri, Kamesh},
  booktitle={Proceedings of 2011 International Conference for High Performance Computing, Networking, Storage and Analysis},
  pages={1--12},
  year={2011},
  language={english}
}

@inproceedings{zhang2016gbtl,
  title={GBTL-CUDA: Graph algorithms and primitives for GPUs},
  author={Zhang, Peter and Zalewski, Marcin and Lumsdaine, Andrew and Misurda, Samantha and McMillan, Scott},
  booktitle={2016 IEEE International Parallel and Distributed Processing Symposium Workshops (IPDPSW)},
  pages={912--920},
  year={2016},
  organization={IEEE},
  language={english}
}

@inproceedings{grigorev2017context,
  title={Context-free path querying with structural representation of result},
  author={Grigorev, Semyon and Ragozina, Anastasiya},
  booktitle={Proceedings of the 13th Central \& Eastern European Software Engineering Conference in Russia},
  pages={1--7},
  year={2017},
  language={english}
}

@inproceedings{verbitskaia2018parser,
  title={Parser combinators for context-free path querying},
  author={Verbitskaia, Ekaterina and Kirillov, Ilya and Nozkin, Ilya and Grigorev, Semyon},
  booktitle={Proceedings of the 9th ACM SIGPLAN International Symposium on Scala},
  pages={13--23},
  year={2018},
  language={english}
}

@article{sevon2008subgraph,
  title={Subgraph queries by context-free grammars},
  author={Sevon, Petteri and Eronen, Lauri},
  journal={Journal of Integrative Bioinformatics},
  volume={5},
  number={2},
  pages={157--172},
  year={2008},
  publisher={De Gruyter},
  language={english}
}

@inproceedings{azad2015parallel,
  title={Parallel triangle counting and enumeration using matrix algebra},
  author={Azad, Ariful and Bulu{\c{c}}, Aydin and Gilbert, John},
  booktitle={2015 IEEE International Parallel and Distributed Processing Symposium Workshop},
  pages={804--811},
  year={2015},
  organization={IEEE},
  language={english}
}

@inproceedings{miao2019understanding,
  title={Understanding data science lifecycle provenance via graph segmentation and summarization},
  author={Miao, Hui and Deshpande, Amol},
  booktitle={2019 IEEE 35th International Conference on Data Engineering (ICDE)},
  pages={1710--1713},
  year={2019},
  organization={IEEE},
  language={english}
}

@inproceedings{milanova2014cfl,
  title={CFL-reachability and context-sensitive integrity types},
  author={Milanova, Ana and Huang, Wei and Dong, Yao},
  booktitle={Proceedings of the 2014 International Conference on Principles and Practices of Programming on the Java platform: Virtual machines, Languages, and Tools},
  pages={99--109},
  year={2014},
  language={english}
}

@inproceedings{graphblas,
  title={Mathematical foundations of the GraphBLAS},
  author={Kepner, Jeremy and Aaltonen, Peter and Bader, David and Bulu{\c{c}}, Aydin and Franchetti, Franz and Gilbert, John and Hutchison, Dylan and Kumar, Manoj and Lumsdaine, Andrew and Meyerhenke, Henning and others},
  booktitle={2016 IEEE High Performance Extreme Computing Conference (HPEC)},
  pages={1--9},
  year={2016},
  organization={IEEE},
  language={english}
}

@article{sridharan2005demand,
  title={Demand-driven points-to analysis for Java},
  author={Sridharan, Manu and Gopan, Denis and Shan, Lexin and Bod{\'\i}k, Rastislav},
  journal={ACM SIGPLAN Notices},
  volume={40},
  number={10},
  pages={59--76},
  year={2005},
  publisher={ACM New York, NY, USA},
  language={english}
}

@inproceedings{sridhar2019delta,
  title={Delta-stepping SSSP: From vertices and edges to GraphBLAS implementations},
  author={Sridhar, Upasana and Blanco, Mark and Mayuranath, Rahul and Spampinato, Daniele G and Low, Tze Meng and McMillan, Scott},
  booktitle={2019 IEEE International Parallel and Distributed Processing Symposium Workshops (IPDPSW)},
  pages={241--250},
  year={2019},
  organization={IEEE},
  language={english}
}

@inproceedings{koschmieder2012regular,
  title={Regular path queries on large graphs},
  author={Koschmieder, Andr{\'e} and Leser, Ulf},
  booktitle={International Conference on Scientific and Statistical Database Management},
  pages={177--194},
  year={2012},
  organization={Springer},
  language={english}
}

@inproceedings{calvanese2000answering,
  title={Answering regular path queries using views},
  author={Calvanese, Diego and De Giacomo, Giuseppe and Lenzerini, Maurizio and Vardi, Moshe Y},
  booktitle={Proceedings of 16th International Conference on Data Engineering (Cat. No. 00CB37073)},
  pages={389--398},
  year={2000},
  organization={IEEE},
  language={english}
}

@inproceedings{verbitskaia2015relaxed,
  title={Relaxed parsing of regular approximations of string-embedded languages},
  author={Verbitskaia, Ekaterina and Grigorev, Semyon and Avdyukhin, Dmitry},
  booktitle={International Andrei Ershov Memorial Conference on Perspectives of System Informatics},
  pages={291--302},
  year={2015},
  organization={Springer},
  language={english}
}

@article{hellings2015querying,
  title={Querying for paths in graphs using context-free path queries},
  author={Hellings, Jelle},
  journal={arXiv preprint arXiv:1502.02242},
  year={2015},
  language={english}
}

@article{reps1998program,
  title={Program analysis via graph reachability},
  author={Reps, Thomas},
  journal={Information and software technology},
  volume={40},
  number={11-12},
  pages={701--726},
  year={1998},
  publisher={Elsevier},
  language={english}
}

@inproceedings{lu2013incremental,
  title={An incremental points-to analysis with CFL-reachability},
  author={Lu, Yi and Shang, Lei and Xie, Xinwei and Xue, Jingling},
  booktitle={International Conference on Compiler Construction},
  pages={61--81},
  year={2013},
  organization={Springer},
  language={english}
}

@inproceedings{dietrich2015giga,
  title={Giga-scale exhaustive points-to analysis for java in under a minute},
  author={Dietrich, Jens and Hollingum, Nicholas and Scholz, Bernhard},
  booktitle={Proceedings of the 2015 ACM SIGPLAN International Conference on Object-Oriented Programming, Systems, Languages, and Applications},
  pages={535--551},
  year={2015},
  language={english}
}

@inproceedings{reps1995precise,
  title={Precise interprocedural dataflow analysis via graph reachability},
  author={Reps, Thomas and Horwitz, Susan and Sagiv, Mooly},
  booktitle={Proceedings of the 22nd ACM SIGPLAN-SIGACT symposium on Principles of programming languages},
  pages={49--61},
  year={1995},
  language={english}
}

@article{10.1145/3093333.3009848,
author = {Zhang, Qirun and Su, Zhendong},
title = {Context-Sensitive Data-Dependence Analysis via Linear Conjunctive Language Reachability},
year = {2017},
issue_date = {January 2017},
publisher = {Association for Computing Machinery},
address = {New York, NY, USA},
volume = {52},
number = {1},
issn = {0362-1340},
url = {https://doi.org/10.1145/3093333.3009848},
doi = {10.1145/3093333.3009848},
month = {jan},
pages = {344–358},
numpages = {15},
keywords = {linear conjunctive grammar, trellis automata, Context-free language reachability, program analysis},
  language={english}
}

@article{okhotin2001conjunctive,
  title={Conjunctive grammars},
  author={Okhotin, Alexander},
  journal={Journal of Automata, Languages and Combinatorics},
  volume={6},
  number={4},
  pages={519--535},
  year={2001},
  publisher={Citeseer},
  language={english}
}

@article{chomsky1959certain,
  title={On certain formal properties of grammars},
  author={Chomsky, Noam},
  journal={Information and control},
  volume={2},
  number={2},
  pages={137--167},
  year={1959},
  publisher={Elsevier},
  language={english}
}

@inproceedings{taint,
  title={Scalable and precise taint analysis for android},
  author={Huang, Wei and Dong, Yao and Milanova, Ana and Dolby, Julian},
  booktitle={Proceedings of the 2015 International Symposium on Software Testing and Analysis},
  pages={106--117},
  year={2015},
  language={english}
}


@inproceedings{linearconjunctive,
author = {Zhang, Qirun and Su, Zhendong},
title = {Context-Sensitive Data-Dependence Analysis via Linear Conjunctive Language Reachability},
year = {2017},
isbn = {9781450346603},
publisher = {Association for Computing Machinery},
address = {New York, NY, USA},
url = {https://doi.org/10.1145/3009837.3009848},
doi = {10.1145/3009837.3009848},
booktitle = {Proceedings of the 44th ACM SIGPLAN Symposium on Principles of Programming Languages},
pages = {344–358},
numpages = {15},
keywords = {linear conjunctive grammar, Context-free language reachability, trellis automata, program analysis},
location = {Paris, France},
series = {POPL 2017},
  language={english}
}

@inproceedings{zheng2008demand,
  title={Demand-driven alias analysis for C},
  author={Zheng, Xin and Rugina, Radu},
  booktitle={Proceedings of the 35th annual ACM SIGPLAN-SIGACT symposium on Principles of programming languages},
  pages={197--208},
  year={2008},
  language={english}
}

@inproceedings{yan2011demand,
  title={Demand-driven context-sensitive alias analysis for Java},
  author={Yan, Dacong and Xu, Guoqing and Rountev, Atanas},
  booktitle={Proceedings of the 2011 International Symposium on Software Testing and Analysis},
  pages={155--165},
  year={2011},
  language={english}
}

@article{chatterjee2017optimal,
  title={Optimal Dyck reachability for data-dependence and alias analysis},
  author={Chatterjee, Krishnendu and Choudhary, Bhavya and Pavlogiannis, Andreas},
  journal={Proceedings of the ACM on Programming Languages},
  volume={2},
  number={POPL},
  pages={1--30},
  year={2017},
  publisher={ACM New York, NY, USA},
  language={english}
}


@article{fletcher1980more,
  title={A more general algorithm for computing closed semiring costs between vertices of a directed graph},
  author={Fletcher, John G},
  journal={Communications of the ACM},
  volume={23},
  number={6},
  pages={350--351},
  year={1980},
  publisher={ACM New York, NY, USA},
  language={english}
}

@article{graspan, author = {Zuo, Zhiqiang and Wang, Kai and Hussain, Aftab and Sani, Ardalan Amiri and Zhang, Yiyu and Lu, Shenming and Dou, Wensheng and Wang, Linzhang and Li, Xuandong and Wang, Chenxi and Xu, Guoqing Harry}, title = {Systemizing Interprocedural Static Analysis of Large-Scale Systems Code with Graspan}, year = {2021}, issue_date = {May 2020}, publisher = {Association for Computing Machinery}, address = {New York, NY, USA}, volume = {38}, number = {1–2}, issn = {0734-2071}, url = {https://doi.org/10.1145/3466820}, doi = {10.1145/3466820}, journal = {ACM Trans. Comput. Syst.}, month = {jul}, articleno = {4}, numpages = {39} }

@article{floyd1962algorithm,
  title={Algorithm 97: shortest path},
  author={Floyd, Robert W},
  journal={Communications of the ACM},
  volume={5},
  number={6},
  pages={345},
  year={1962},
  publisher={ACM New York, NY, USA},
  language={english}
}

@article{warshall1962theorem,
  title={A theorem on boolean matrices},
  author={Warshall, Stephen},
  journal={Journal of the ACM (JACM)},
  volume={9},
  number={1},
  pages={11--12},
  year={1962},
  publisher={ACM New York, NY, USA},
  language={english}
}

@article{rote1985systolic,
  title={A systolic array algorithm for the algebraic path problem (shortest paths; matrix inversion)},
  author={Rote, G{\"u}nter},
  journal={Computing},
  volume={34},
  number={3},
  pages={191--219},
  year={1985},
  publisher={Springer},
  language={english}
}

@article{tarjan1981fast,
  title={Fast algorithms for solving path problems},
  author={Tarjan, Robert Endre},
  journal={Journal of the ACM (JACM)},
  volume={28},
  number={3},
  pages={594--614},
  year={1981},
  publisher={ACM New York, NY, USA},
  language={english}
}

@article{tarjan1981unified,
  title={A unified approach to path problems},
  author={Tarjan, Robert Endre},
  journal={Journal of the ACM (JACM)},
  volume={28},
  number={3},
  pages={577--593},
  year={1981},
  publisher={ACM New York, NY, USA},
  language={english}
}

@article{chen1992parallel,
  title={On the parallel computation of the algebraic path problem},
  author={Chen, Gen-Huey and Wang, Biing-Feng and Lu, Chi-Jen},
  journal={IEEE Transactions on Parallel \& Distributed Systems},
  volume={3},
  number={02},
  pages={251--256},
  year={1992},
  publisher={IEEE Computer Society},
  language={english}
}

@article{alur2005analysis,
  title={Analysis of recursive state machines},
  author={Alur, Rajeev and Benedikt, Michael and Etessami, Kousha and Godefroid, Patrice and Reps, Thomas and Yannakakis, Mihalis},
  journal={ACM Transactions on Programming Languages and Systems (TOPLAS)},
  volume={27},
  number={4},
  pages={786--818},
  year={2005},
  publisher={ACM New York, NY, USA},
  language={english}
}

@book{aho1973theory,
  title={The theory of parsing, translation, and compiling},
  author={Aho, Alfred V and Ullman, Jeffrey D},
  volume={1},
  year={1973},
  publisher={Prentice-Hall Englewood Cliffs, NJ},
  language={english}
}

@book{aho1974design,
  title={The design and analysis of computer algorithms},
  author={Aho, Alfred V and Hopcroft, John E},
  year={1974},
  publisher={Pearson Education India},
  language={english}
}

@book{cormen2009introduction,
  title={Introduction to algorithms},
  author={Cormen, Thomas H and Leiserson, Charles E and Rivest, Ronald L and Stein, Clifford},
  year={2009},
  publisher={MIT press},
  language={english}
}

@book{gondran1984graphs,
  title={Graphs and algorithms},
  author={Gondran, Michel and Minoux, Michel and Vajda, Steven},
  year={1984},
  publisher={John Wiley \& Sons, Inc.},
  language={english}
}

@article{baras2010path,
  title={Path problems in networks},
  author={Baras, John S and Theodorakopoulos, George},
  journal={Synthesis Lectures on Communication Networks},
  volume={3},
  number={1},
  pages={1--77},
  year={2010},
  publisher={Morgan \& Claypool Publishers},
  language={english}
}

@inproceedings{lengauer1991unstructured,
  title={Unstructured path problems and the making of semirings},
  author={Lengauer, Thomas and Theune, Dirk},
  booktitle={Workshop on Algorithms and Data Structures},
  pages={189--200},
  year={1991},
  organization={Springer},
  language={english}
}

@incollection{rote1990path,
  title={Path problems in graphs},
  author={Rote, G{\"u}nter},
  booktitle={Computational graph theory},
  pages={155--189},
  year={1990},
  publisher={Springer},
  language={english}
}

@inproceedings{spampinato2019linear,
  title={Linear algebraic depth-first search},
  author={Spampinato, Daniele G and Sridhar, Upasana and Low, Tze Meng},
  booktitle={Proceedings of the 6th ACM SIGPLAN International Workshop on Libraries, Languages and Compilers for Array Programming},
  pages={93--104},
  year={2019},
  language={english}
}

@book{kepner2011graph,
  title={Graph algorithms in the language of linear algebra},
  author={Kepner, Jeremy and Gilbert, John},
  year={2011},
  publisher={SIAM},
  language={english}
}
