% ГОСТ Р 7.0.11-2011, Приложение Б, Книги

@inproceedings{azimov1,
  title={Context-free path querying by matrix multiplication},
  author={Azimov, Rustam and Grigorev, Semyon},
  booktitle={Proceedings of the 1st ACM SIGMOD Joint International Workshop on Graph Data Management Experiences \& Systems (GRADES) and Network Data Analytics (NDA)},
  pages={1--10},
  year={2018}
}

@inproceedings{azimov2,
  title={Context-free path querying with single-path semantics by matrix multiplication},
  author={Terekhov, Arseniy and Khoroshev, Artyom and Azimov, Rustam and Grigorev, Semyon},
  booktitle={Proceedings of the 3rd Joint International Workshop on Graph Data Management Experiences \& Systems (GRADES) and Network Data Analytics (NDA)},
  pages={1--12},
  year={2020}
}

@inproceedings{azimov3,
  title={Context-free path querying by kronecker product},
  author={Orachev, Egor and Epelbaum, Ilya and Azimov, Rustam and Grigorev, Semyon},
  booktitle={European Conference on Advances in Databases and Information Systems},
  pages={49--59},
  year={2020},
  organization={Springer}
}

@inproceedings{azimov4,
  title={Context-free path querying with all-path semantics by matrix multiplication},
  author={Azimov, Rustam and Epelbaum, Ilya and Grigorev, Semyon},
  booktitle={Proceedings of the 4th ACM SIGMOD Joint International Workshop on Graph Data Management Experiences \& Systems (GRADES) and Network Data Analytics (NDA)},
  pages={1--7},
  year={2021}
}

@article{azimov5,
  title={Context-Free Path Querying In Terms of Linear Algebra},
  author={Azimov, Rustam},
  booktitle={Proceedings of the VLDB 2021 PhD Workshop (VLDB-PhD'21)},
  year={2021}
}

@article{azimov6,
  title={Path Querying with Conjunctive Grammars by Matrix Multiplication},
  author={Azimov, Rustam and Grigorev, S},
  journal={Programming and Computer Software},
  volume={45},
  number={7},
  pages={357--364},
  year={2019},
  publisher={Springer}
}

@article{azimov7,
  title={Синтаксический анализ графов с использованием конъюнктивных грамматик},
  author={Азимов, Рустам Шухратуллович and Григорьев, Семен Вячеславович},
  journal={Труды Института системного программирования РАН},
  volume={30},
  number={2},
  pages={149--166},
  year={2018},
  publisher={Федеральное государственное бюджетное учреждение науки Институт системного~…}
}

@article{azimov8,
  title={Алгоритм поиска всех путей в графе с заданными контекстно-свободными ограничениями с использованием матриц с множествами промежуточных вершин},
  author={Азимов, Рустам Шухратуллович and Григорьев, Семён Вячеславович},
  journal={Научно-технический вестник информационных технологий, механики и оптики},
  volume={21},
  number={4},
  pages={499--505},
  year={2021},
  publisher={Федеральное государственное автономное образовательное учреждение высшего~…}
}

@article{barrett2000formal,
  title={Formal-language-constrained path problems},
  author={Barrett, Chris and Jacob, Riko and Marathe, Madhav},
  journal={SIAM Journal on Computing},
  volume={30},
  number={3},
  pages={809--837},
  year={2000},
  publisher={SIAM}
}

@book{abiteboul1995foundations,
  title={Foundations of databases},
  author={Abiteboul, Serge and Hull, Richard and Vianu, Victor},
  volume={8},
  year={1995},
  publisher={Addison-Wesley Reading}
}

@inproceedings{miao2019understanding,
  title={Understanding data science lifecycle provenance via graph segmentation and summarization},
  author={Miao, Hui and Deshpande, Amol},
  booktitle={2019 IEEE 35th International Conference on Data Engineering (ICDE)},
  pages={1710--1713},
  year={2019},
  organization={IEEE}
}

@article{rehof2001type,
  title={Type-base flow analysis: from polymorphic subtyping to CFL-reachability},
  author={Rehof, Jakob and F{\"a}hndrich, Manuel},
  journal={ACM SIGPLAN Notices},
  volume={36},
  number={3},
  pages={54--66},
  year={2001},
  publisher={ACM New York, NY, USA}
}

@article{hopcroft2001introduction,
  title={Introduction to automata theory, languages, and computation},
  author={Hopcroft, John E and Motwani, Rajeev and Ullman, Jeffrey D},
  journal={Acm Sigact News},
  volume={32},
  number={1},
  pages={60--65},
  year={2001},
  publisher={ACM New York, NY, USA}
}

@inproceedings{socialgraph,
author = {Truong, Quoc-Dinh and Dkaki, Taoufiq and Truong, Quoc-Bao},
year = {2016},
month = {03},
pages = {276-286},
title = {Graph Methods for Social Network Analysis},
volume = {168},
isbn = {978-3-319-46908-9},
doi = {10.1007/978-3-319-46909-6_25}
}

@article{valiant1975general,
  title={General context-free recognition in less than cubic time},
  author={Valiant, Leslie G},
  journal={Journal of computer and system sciences},
  volume={10},
  number={2},
  pages={308--315},
  year={1975},
  publisher={Academic Press}
}

@inproceedings{bradford2017efficient,
  title={Efficient exact paths for dyck and semi-dyck labeled path reachability},
  author={Bradford, Phillip G},
  booktitle={2017 IEEE 8th Annual Ubiquitous Computing, Electronics and Mobile Communication Conference (UEMCON)},
  pages={247--253},
  year={2017},
  organization={IEEE}
}

@article{scott2010gll,
  title={GLL parsing},
  author={Scott, Elizabeth and Johnstone, Adrian},
  journal={Electronic Notes in Theoretical Computer Science},
  volume={253},
  number={7},
  pages={177--189},
  year={2010},
  publisher={Elsevier}
}

@article{bellman1958routing,
  title={On a routing problem},
  author={Bellman, Richard},
  journal={Quarterly of applied mathematics},
  volume={16},
  number={1},
  pages={87--90},
  year={1958}
}

@article{strassen1969gaussian,
  title={Gaussian elimination is not optimal},
  author={Strassen, Volker and others},
  journal={Numerische mathematik},
  volume={13},
  number={4},
  pages={354--356},
  year={1969}
}

@article{ibaraki1983line,
  title={On-line computation of transitive closures of graphs},
  author={Ibaraki, Toshihide and Katoh, Naoki},
  journal={Information Processing Letters},
  volume={16},
  number={2},
  pages={95--97},
  year={1983},
  publisher={Elsevier}
}

@incollection{ford2015flows,
  title={Flows in networks},
  author={Ford, Lester Randolph and Fulkerson, Delbert Ray},
  booktitle={Flows in Networks},
  year={2015},
  publisher={Princeton university press}
}

@inproceedings{tomita1984lr,
  title={LR parsers for natural languages},
  author={Tomita, Masaru},
  booktitle={10th International Conference on Computational Linguistics and 22nd Annual Meeting of the Association for Computational Linguistics},
  pages={354--357},
  year={1984}
}

@article{scott2007brnglr,
  title={BRNGLR: a cubic Tomita-style GLR parsing algorithm},
  author={Scott, Elizabeth and Johnstone, Adrian and Economopoulos, Rob},
  journal={Acta informatica},
  volume={44},
  number={6},
  pages={427--461},
  year={2007},
  publisher={Springer}
}

@inproceedings{yannakakis1990graph,
  title={Graph-theoretic methods in database theory},
  author={Yannakakis, Mihalis},
  booktitle={Proceedings of the ninth ACM SIGACT-SIGMOD-SIGART symposium on Principles of database systems},
  pages={230--242},
  year={1990}
}

@InProceedings{ainsworth2016graph,
  author =       {Sam Ainsworth and Timothy M Jones},
  title =        {Graph prefetching using data structure knowledge},
  booktitle =    {Proceedings of the 2016 International Conference on Supercomputing},
  year =         2016,
  url =          {https://www.cl.cam.ac.uk/~tmj32/papers/docs/ainsworth16-ics.pdf}
}

@inproceedings{hellings2014conjunctive,
  title={Conjunctive Context-Free Path Queries.},
  author={Hellings, Jelle},
  booktitle={ICDT},
  pages={119--130},
  year={2014}
}

@inproceedings{zhang2016context,
  title={Context-free path queries on RDF graphs},
  author={Zhang, Xiaowang and Feng, Zhiyong and Wang, Xin and Rao, Guozheng and Wu, Wenrui},
  booktitle={International Semantic Web Conference},
  pages={632--648},
  year={2016},
  organization={Springer}
}

@inproceedings{medeiros2018efficient,
  title={Efficient evaluation of context-free path queries for graph databases},
  author={Medeiros, Ciro M and Musicante, Martin A and Costa, Umberto S},
  booktitle={Proceedings of the 33rd Annual ACM Symposium on Applied Computing},
  pages={1230--1237},
  year={2018}
}

@inproceedings{santos2018bottom,
  title={A bottom-up algorithm for answering context-free path queries in graph databases},
  author={Santos, Fred C and Costa, Umberto S and Musicante, Martin A},
  booktitle={International Conference on Web Engineering},
  pages={225--233},
  year={2018},
  organization={Springer}
}

@inproceedings{kuijpers2019experimental,
  title={An experimental study of context-free path query evaluation methods},
  author={Kuijpers, Jochem and Fletcher, George and Yakovets, Nikolay and Lindaaker, Tobias},
  booktitle={Proceedings of the 31st International Conference on Scientific and Statistical Database Management},
  pages={121--132},
  year={2019}
}

@incollection{hellings2020explaining,
  title={Explaining Results of Path Queries on Graphs},
  author={Hellings, Jelle},
  booktitle={Software Foundations for Data Interoperability and Large Scale Graph Data Analytics},
  pages={84--98},
  year={2020},
  publisher={Springer}
}

@inproceedings{wang2016comparative,
  title={A comparative study on exact triangle counting algorithms on the gpu},
  author={Wang, Leyuan and Wang, Yangzihao and Yang, Carl and Owens, John D},
  booktitle={Proceedings of the ACM Workshop on High Performance Graph Processing},
  pages={1--8},
  year={2016}
}

@inproceedings{bulucc2011parallel,
  title={Parallel breadth-first search on distributed memory systems},
  author={Bulu{\c{c}}, Aydin and Madduri, Kamesh},
  booktitle={Proceedings of 2011 International Conference for High Performance Computing, Networking, Storage and Analysis},
  pages={1--12},
  year={2011}
}

@inproceedings{zhang2016gbtl,
  title={GBTL-CUDA: Graph algorithms and primitives for GPUs},
  author={Zhang, Peter and Zalewski, Marcin and Lumsdaine, Andrew and Misurda, Samantha and McMillan, Scott},
  booktitle={2016 IEEE International Parallel and Distributed Processing Symposium Workshops (IPDPSW)},
  pages={912--920},
  year={2016},
  organization={IEEE}
}

@inproceedings{grigorev2017context,
  title={Context-free path querying with structural representation of result},
  author={Grigorev, Semyon and Ragozina, Anastasiya},
  booktitle={Proceedings of the 13th Central \& Eastern European Software Engineering Conference in Russia},
  pages={1--7},
  year={2017}
}

@inproceedings{verbitskaia2018parser,
  title={Parser combinators for context-free path querying},
  author={Verbitskaia, Ekaterina and Kirillov, Ilya and Nozkin, Ilya and Grigorev, Semyon},
  booktitle={Proceedings of the 9th ACM SIGPLAN International Symposium on Scala},
  pages={13--23},
  year={2018}
}

@article{sevon2008subgraph,
  title={Subgraph queries by context-free grammars},
  author={Sevon, Petteri and Eronen, Lauri},
  journal={Journal of Integrative Bioinformatics},
  volume={5},
  number={2},
  pages={157--172},
  year={2008},
  publisher={De Gruyter}
}

@inproceedings{azad2015parallel,
  title={Parallel triangle counting and enumeration using matrix algebra},
  author={Azad, Ariful and Bulu{\c{c}}, Aydin and Gilbert, John},
  booktitle={2015 IEEE International Parallel and Distributed Processing Symposium Workshop},
  pages={804--811},
  year={2015},
  organization={IEEE}
}

@inproceedings{graphblas,
  title={Mathematical foundations of the GraphBLAS},
  author={Kepner, Jeremy and Aaltonen, Peter and Bader, David and Bulu{\c{c}}, Aydin and Franchetti, Franz and Gilbert, John and Hutchison, Dylan and Kumar, Manoj and Lumsdaine, Andrew and Meyerhenke, Henning and others},
  booktitle={2016 IEEE High Performance Extreme Computing Conference (HPEC)},
  pages={1--9},
  year={2016},
  organization={IEEE}
}

@inproceedings{sridhar2019delta,
  title={Delta-stepping SSSP: From vertices and edges to GraphBLAS implementations},
  author={Sridhar, Upasana and Blanco, Mark and Mayuranath, Rahul and Spampinato, Daniele G and Low, Tze Meng and McMillan, Scott},
  booktitle={2019 IEEE International Parallel and Distributed Processing Symposium Workshops (IPDPSW)},
  pages={241--250},
  year={2019},
  organization={IEEE}
}

@inproceedings{koschmieder2012regular,
  title={Regular path queries on large graphs},
  author={Koschmieder, Andr{\'e} and Leser, Ulf},
  booktitle={International Conference on Scientific and Statistical Database Management},
  pages={177--194},
  year={2012},
  organization={Springer}
}

@inproceedings{calvanese2000answering,
  title={Answering regular path queries using views},
  author={Calvanese, Diego and De Giacomo, Giuseppe and Lenzerini, Maurizio and Vardi, Moshe Y},
  booktitle={Proceedings of 16th International Conference on Data Engineering (Cat. No. 00CB37073)},
  pages={389--398},
  year={2000},
  organization={IEEE}
}

@inproceedings{verbitskaia2015relaxed,
  title={Relaxed parsing of regular approximations of string-embedded languages},
  author={Verbitskaia, Ekaterina and Grigorev, Semyon and Avdyukhin, Dmitry},
  booktitle={International Andrei Ershov Memorial Conference on Perspectives of System Informatics},
  pages={291--302},
  year={2015},
  organization={Springer}
}

@article{hellings2015querying,
  title={Querying for paths in graphs using context-free path queries},
  author={Hellings, Jelle},
  journal={arXiv preprint arXiv:1502.02242},
  year={2015}
}

@inproceedings{milanova2014cfl,
  title={CFL-reachability and context-sensitive integrity types},
  author={Milanova, Ana and Huang, Wei and Dong, Yao},
  booktitle={Proceedings of the 2014 International Conference on Principles and Practices of Programming on the Java platform: Virtual machines, Languages, and Tools},
  pages={99--109},
  year={2014}
}

@article{sridharan2005demand,
  title={Demand-driven points-to analysis for Java},
  author={Sridharan, Manu and Gopan, Denis and Shan, Lexin and Bod{\'\i}k, Rastislav},
  journal={ACM SIGPLAN Notices},
  volume={40},
  number={10},
  pages={59--76},
  year={2005},
  publisher={ACM New York, NY, USA}
}

@inproceedings{lu2013incremental,
  title={An incremental points-to analysis with CFL-reachability},
  author={Lu, Yi and Shang, Lei and Xie, Xinwei and Xue, Jingling},
  booktitle={International Conference on Compiler Construction},
  pages={61--81},
  year={2013},
  organization={Springer}
}

@article{horwitz1995demand,
  title={Demand interprocedural dataflow analysis},
  author={Horwitz, Susan and Reps, Thomas and Sagiv, Mooly},
  journal={ACM SIGSOFT Software Engineering Notes},
  volume={20},
  number={4},
  pages={104--115},
  year={1995},
  publisher={ACM New York, NY, USA}
}

@inproceedings{dietrich2015giga,
  title={Giga-scale exhaustive points-to analysis for java in under a minute},
  author={Dietrich, Jens and Hollingum, Nicholas and Scholz, Bernhard},
  booktitle={Proceedings of the 2015 ACM SIGPLAN International Conference on Object-Oriented Programming, Systems, Languages, and Applications},
  pages={535--551},
  year={2015}
}

@inproceedings{reps1995precise,
  title={Precise interprocedural dataflow analysis via graph reachability},
  author={Reps, Thomas and Horwitz, Susan and Sagiv, Mooly},
  booktitle={Proceedings of the 22nd ACM SIGPLAN-SIGACT symposium on Principles of programming languages},
  pages={49--61},
  year={1995}
}

@article{reps1998program,
  title={Program analysis via graph reachability},
  author={Reps, Thomas},
  journal={Information and software technology},
  volume={40},
  number={11-12},
  pages={701--726},
  year={1998},
  publisher={Elsevier}
}

@article{10.1145/3093333.3009848,
author = {Zhang, Qirun and Su, Zhendong},
title = {Context-Sensitive Data-Dependence Analysis via Linear Conjunctive Language Reachability},
year = {2017},
issue_date = {January 2017},
publisher = {Association for Computing Machinery},
address = {New York, NY, USA},
volume = {52},
number = {1},
issn = {0362-1340},
url = {https://doi.org/10.1145/3093333.3009848},
doi = {10.1145/3093333.3009848},
month = {jan},
pages = {344–358},
numpages = {15},
keywords = {linear conjunctive grammar, trellis automata, Context-free language reachability, program analysis}
}

@article{okhotin2001conjunctive,
  title={Conjunctive grammars},
  author={Okhotin, Alexander},
  journal={Journal of Automata, Languages and Combinatorics},
  volume={6},
  number={4},
  pages={519--535},
  year={2001},
  publisher={Citeseer}
}

@article{chomsky1959certain,
  title={On certain formal properties of grammars},
  author={Chomsky, Noam},
  journal={Information and control},
  volume={2},
  number={2},
  pages={137--167},
  year={1959},
  publisher={Elsevier}
}

@inproceedings{taint,
  title={Scalable and precise taint analysis for android},
  author={Huang, Wei and Dong, Yao and Milanova, Ana and Dolby, Julian},
  booktitle={Proceedings of the 2015 International Symposium on Software Testing and Analysis},
  pages={106--117},
  year={2015}
}

@article{suitesparse1,
  title={Algorithm 1000: SuiteSparse: GraphBLAS: Graph algorithms in the language of sparse linear algebra},
  author={Davis, Timothy A},
  journal={ACM Transactions on Mathematical Software (TOMS)},
  volume={45},
  number={4},
  pages={1--25},
  year={2019},
  publisher={ACM New York, NY, USA}
}

@inproceedings{suitesparse2,
  title={Graph algorithms via SuiteSparse: GraphBLAS: triangle counting and k-truss},
  author={Davis, Timothy A},
  booktitle={2018 IEEE High Performance extreme Computing Conference (HPEC)},
  pages={1--6},
  year={2018},
  organization={IEEE}
}

@article{suitesparse3,
  title={Algorithm 9xx: SuiteSparse: GraphBLAS: graph algorithms in the language of sparse linear algebra},
  author={Davis, Timothy},
  journal={Submitted to ACM TOMS},
  year={2018}
}

@article{graphblast1,
  title={GraphBLAST: A high-performance linear algebra-based graph framework on the GPU},
  author={Yang, Carl and Bulu{\c{c}}, Ayd{\i}n and Owens, John D},
  journal={ACM Transactions on Mathematical Software (TOMS)},
  volume={48},
  number={1},
  pages={1--51},
  year={2022},
  publisher={ACM New York, NY}
}


@inproceedings{linearconjunctive,
author = {Zhang, Qirun and Su, Zhendong},
title = {Context-Sensitive Data-Dependence Analysis via Linear Conjunctive Language Reachability},
year = {2017},
isbn = {9781450346603},
publisher = {Association for Computing Machinery},
address = {New York, NY, USA},
url = {https://doi.org/10.1145/3009837.3009848},
doi = {10.1145/3009837.3009848},
booktitle = {Proceedings of the 44th ACM SIGPLAN Symposium on Principles of Programming Languages},
pages = {344–358},
numpages = {15},
keywords = {linear conjunctive grammar, Context-free language reachability, trellis automata, program analysis},
location = {Paris, France},
series = {POPL 2017}
}

@inproceedings{zheng2008demand,
  title={Demand-driven alias analysis for C},
  author={Zheng, Xin and Rugina, Radu},
  booktitle={Proceedings of the 35th annual ACM SIGPLAN-SIGACT symposium on Principles of programming languages},
  pages={197--208},
  year={2008}
}

@inproceedings{yan2011demand,
  title={Demand-driven context-sensitive alias analysis for Java},
  author={Yan, Dacong and Xu, Guoqing and Rountev, Atanas},
  booktitle={Proceedings of the 2011 International Symposium on Software Testing and Analysis},
  pages={155--165},
  year={2011}
}

@article{chatterjee2017optimal,
  title={Optimal Dyck reachability for data-dependence and alias analysis},
  author={Chatterjee, Krishnendu and Choudhary, Bhavya and Pavlogiannis, Andreas},
  journal={Proceedings of the ACM on Programming Languages},
  volume={2},
  number={POPL},
  pages={1--30},
  year={2017},
  publisher={ACM New York, NY, USA}
}


@article{fletcher1980more,
  title={A more general algorithm for computing closed semiring costs between vertices of a directed graph},
  author={Fletcher, John G},
  journal={Communications of the ACM},
  volume={23},
  number={6},
  pages={350--351},
  year={1980},
  publisher={ACM New York, NY, USA}
}

@article{graspan, author = {Zuo, Zhiqiang and Wang, Kai and Hussain, Aftab and Sani, Ardalan Amiri and Zhang, Yiyu and Lu, Shenming and Dou, Wensheng and Wang, Linzhang and Li, Xuandong and Wang, Chenxi and Xu, Guoqing Harry}, title = {Systemizing Interprocedural Static Analysis of Large-Scale Systems Code with Graspan}, year = {2021}, issue_date = {May 2020}, publisher = {Association for Computing Machinery}, address = {New York, NY, USA}, volume = {38}, number = {1–2}, issn = {0734-2071}, url = {https://doi.org/10.1145/3466820}, doi = {10.1145/3466820}, journal = {ACM Trans. Comput. Syst.}, month = {jul}, articleno = {4}, numpages = {39} }

@article{floyd1962algorithm,
  title={Algorithm 97: shortest path},
  author={Floyd, Robert W},
  journal={Communications of the ACM},
  volume={5},
  number={6},
  pages={345},
  year={1962},
  publisher={ACM New York, NY, USA}
}

@article{warshall1962theorem,
  title={A theorem on boolean matrices},
  author={Warshall, Stephen},
  journal={Journal of the ACM (JACM)},
  volume={9},
  number={1},
  pages={11--12},
  year={1962},
  publisher={ACM New York, NY, USA}
}

@article{rote1985systolic,
  title={A systolic array algorithm for the algebraic path problem (shortest paths; matrix inversion)},
  author={Rote, G{\"u}nter},
  journal={Computing},
  volume={34},
  number={3},
  pages={191--219},
  year={1985},
  publisher={Springer}
}

@article{tarjan1981fast,
  title={Fast algorithms for solving path problems},
  author={Tarjan, Robert Endre},
  journal={Journal of the ACM (JACM)},
  volume={28},
  number={3},
  pages={594--614},
  year={1981},
  publisher={ACM New York, NY, USA}
}

@article{tarjan1981unified,
  title={A unified approach to path problems},
  author={Tarjan, Robert Endre},
  journal={Journal of the ACM (JACM)},
  volume={28},
  number={3},
  pages={577--593},
  year={1981},
  publisher={ACM New York, NY, USA}
}

@article{chen1992parallel,
  title={On the parallel computation of the algebraic path problem},
  author={Chen, Gen-Huey and Wang, Biing-Feng and Lu, Chi-Jen},
  journal={IEEE Transactions on Parallel \& Distributed Systems},
  volume={3},
  number={02},
  pages={251--256},
  year={1992},
  publisher={IEEE Computer Society}
}

@article{alur2005analysis,
  title={Analysis of recursive state machines},
  author={Alur, Rajeev and Benedikt, Michael and Etessami, Kousha and Godefroid, Patrice and Reps, Thomas and Yannakakis, Mihalis},
  journal={ACM Transactions on Programming Languages and Systems (TOPLAS)},
  volume={27},
  number={4},
  pages={786--818},
  year={2005},
  publisher={ACM New York, NY, USA}
}

@book{aho1973theory,
  title={The theory of parsing, translation, and compiling},
  author={Aho, Alfred V and Ullman, Jeffrey D},
  volume={1},
  year={1973},
  publisher={Prentice-Hall Englewood Cliffs, NJ}
}

@book{aho1974design,
  title={The design and analysis of computer algorithms},
  author={Aho, Alfred V and Hopcroft, John E},
  year={1974},
  publisher={Pearson Education India}
}

@book{cormen2009introduction,
  title={Introduction to algorithms},
  author={Cormen, Thomas H and Leiserson, Charles E and Rivest, Ronald L and Stein, Clifford},
  year={2009},
  publisher={MIT press}
}

@book{gondran1984graphs,
  title={Graphs and algorithms},
  author={Gondran, Michel and Minoux, Michel and Vajda, Steven},
  year={1984},
  publisher={John Wiley \& Sons, Inc.}
}

@article{baras2010path,
  title={Path problems in networks},
  author={Baras, John S and Theodorakopoulos, George},
  journal={Synthesis Lectures on Communication Networks},
  volume={3},
  number={1},
  pages={1--77},
  year={2010},
  publisher={Morgan \& Claypool Publishers}
}

@inproceedings{lengauer1991unstructured,
  title={Unstructured path problems and the making of semirings},
  author={Lengauer, Thomas and Theune, Dirk},
  booktitle={Workshop on Algorithms and Data Structures},
  pages={189--200},
  year={1991},
  organization={Springer}
}

@incollection{rote1990path,
  title={Path problems in graphs},
  author={Rote, G{\"u}nter},
  booktitle={Computational graph theory},
  pages={155--189},
  year={1990},
  publisher={Springer}
}

@book{rivera2017euro,
  title={Euro-Par 2017: Parallel Processing: 23rd International Conference on Parallel and Distributed Computing, Santiago de Compostela, Spain, August 28--September 1, 2017, Proceedings},
  author={Rivera, Francisco F and Pena, Tom{\'a}s F and Cabaleiro, Jos{\'e} C},
  volume={10417},
  year={2017},
  publisher={Springer}
}

@inproceedings{spampinato2019linear,
  title={Linear algebraic depth-first search},
  author={Spampinato, Daniele G and Sridhar, Upasana and Low, Tze Meng},
  booktitle={Proceedings of the 6th ACM SIGPLAN International Workshop on Libraries, Languages and Compilers for Array Programming},
  pages={93--104},
  year={2019}
}

@book{kepner2011graph,
  title={Graph algorithms in the language of linear algebra},
  author={Kepner, Jeremy and Gilbert, John},
  year={2011},
  publisher={SIAM}
}



@BOOK{Sychev,
  author = {Сычёв, М. С.},
  title = {История Астраханского казачьего войска : учебное пособие},
  address = {Астрахань},
  publisher = {Волга},
  year = {2009},
  numpages = {231},
  language = {russian}
}

@BOOK{Sokolov,
  author = {Соколов, А. Н. and Сердобинцев, К. С.},
  editor = {Бочарова, В. М.},
  address = {Астрахань},
  publisher = {Калиниградский ЮИ МВД России},
  title = {Гражданское общество: проблемы формирования и развития (философский и юридический аспекты) : монография},
  year = {2009},
  numpages = {218},
  language = {russian}
}

@BOOK{Gaidaenko,
  author = {Гайдаенко, Т. А.},
  title = {Маркетинговое управление: принципы управленческих решений и российская практика},
  edition = {{}3-е изд, перераб. и доп.},
  address = {М.},
  publisher = {Эксмо: МИРБИС},
  year = {2008},
  numpages = {508},
  language = {russian}
}

@BOOK{Lermontov,
  author = {Лермонтов, Михаил Юрьевич},
  title = {Собрание сочинений: в 4 т.},
  address = {М.},
  publisher = {Терра-Кн. клуб},
  year = {2009},
  note = {4 т.},
  language = {russian}
}

@BOOK{Management,
  title = {Управление бизнесом : сборник статей},
  address = {Нижний новгород},
  publisher = {Изд-во Нижегородского университета},
  year = {2009},
  numpages = {243},
  language = {russian}
}

@BOOK{Borozda,
  author = {Борозда, И. В. and Воронин, Н. И. and Бушманов, А. В.},
  title = {Лечение сочетанных повреждений таза},
  address = {Владивосток},
  publisher = {Дальнаука},
  year = {2009},
  numpages = {195},
  language = {russian}
}

@BOOK{Marketing,
  author = {Михненков, О. В. and Коготкова, И. З. and Генкин, Е. В. and Сороко, Г. Я.},
  title = {Маркетинговые исследования в строительстве : учебное пособие для студентов специальности «Менеджмент организаций»},
  address = {М.},
  publisher = {Государственный университет управления},
  year = {2005},
  numpages = {59},
  language = {russian}
}

% ГОСТ Р 7.0.11-2011, Приложение Б, Нормативные правовые акты
@BOOK{Constitution,
  title = {Конституция Российской Федерации : офиц. текст.},
  address = {М.},
  publisher = {Маркетинг},
  year = {2001},
  numpages = {39},
  language = {russian}
}

@BOOK{FamilyCode,
  title = {Семейный кодекс Российской Федерации : [федер. закон: принят Гос. Думой 8 дек. 1995~г. : по состоянию на 3~янв. 2001~г.]},
  address = {СПб.},
  publisher = {Стаун-кантри},
  year = {2001},
  numpages = {94},
  language = {russian}
}

% ГОСТ Р 7.0.11-2011, Приложение Б, Стандарты
@BOOK{Gost.7.0.53,
  title = {ГОСТ Р 7.0.53-2007 Система стандартов по информации, библиотечному и издательскому делу. Издания. Международный стандартный книжный номер. Использование и издательское оформление.},
  address = {М.},
  publisher = {Стандартинформ},
  year = {2007},
  numpages = {5},
  language = {russian}
}

% ГОСТ Р 7.0.11-2011, Приложение Б, Депонированные научные работы
@BOOK{Razumovski,
  author = {Разумовский, В. А. and Андреев, Д. А.},
  title = {Управление маркетинговыми исследованиями в регионе},
  address = {М.},
  year = {2002},
  numpages = {210},
  note = {Деп. в ИНИОН Рос. акад. наук 15.02.02, № 139876},
  language = {russian}
}

% ГОСТ Р 7.0.11-2011, Приложение Б, Диссертации
@BOOK{Lagkueva,
  author = {Лагкуева, Ирина Владимировна},
  title = {Особенности регулирования труда творческих работников театров : дис. ... канд. юрид. наук : 12.00.05},
  address = {М.},
  year = {2009},
  numpages = {168},
  language = {russian}
}

@BOOK{Pokrovski,
  author = {Покровский, Андрей Владимирович},
  title = {Устранимые особенности решений эллиптических уравнений : дис. ... д-ра физ.-мат. наук : 01.01.01},
  address = {М.},
  year = {2008},
  numpages = {178},
  language = {russian}
}

% ГОСТ Р 7.0.11-2011, Приложение Б, Авторефераты диссертаций
@BOOK{Sirotko,
  author = {Сиротко, Владимир Викторович},
  title = {Медико-социальные аспекты городского травматизма в современных условиях : автореф. дис. ... канд. мед. наук : 14.00.33},
  address = {М.},
  year = {2006},
  numpages = {26},
  language = {russian}
}

% !!! этот пример НЕ работает с bibtex
% Тот же пример, с использованием https://www.ctan.org/pkg/biblatex-gost
@THESIS{Sirotko2,
  author =       {Сиротко, Владимир Викторович},
  title =        {Медико-социальные аспекты городского травматизма в современных условиях},
  media =        {text},
  type =         {phdautoref},
  science =      {мед. наук},
  specialitycode ={14.00.33},
  address =      {М.},
  year =         {2006},
  pagetotal =    {26},
  language =     {russian},
}

@BOOK{Lukina,
  author = {Лукина, Валентина Александровна},
  title = {Творческая история «Записок охотника» И. С. Тургенева : автореф. дис. ... канд. филол. наук : 10.01.01},
  address = {СПб.},
  year = {2006},
  numpages = {26},
  language = {russian}
}

% !!! этот пример НЕ работает с bibtex
% Тот же пример, с использованием https://www.ctan.org/pkg/biblatex-gost
@THESIS{Lukina2,
  author =       {Лукина, Валентина Александровна},
  title =        {Творческая история «Записок охотника» И. С. Тургенева},
  media =        {text},
  type =         {phdautoref},
  science =      {филол. наук},
  specialitycode ={10.01.01},
  address =      {СПб.},
  year =         {2006},
  pagetotal =    {26},
  language =     {russian},
}

% ГОСТ Р 7.0.11-2011, Приложение Б, Отчёты о научно-исследовательской работе
@BOOK{Methodology,
  author = {Загорюев, А. Л.},
  title = {Методология и методы изучения военно-профессиональной направленности подростков : отчёт о НИР},
  address = {Екатеринбург},
  institution = {Уральский институт практической психологии},
  year = {2008},
  numpages = {102},
  language = {russian}
}

% ГОСТ Р 7.0.11-2011, Приложение Б, Электронные ресурсы
@BOOK{Encyclopedia,
  title = {Художественная энциклопедия зарубежного классического искусства [Электронный ресурс]},
  address = {М.},
  publisher = {Большая Рос. энкцикл.},
  year = {1996},
  note = {1 электрон. опт. диск (CD-ROM)},
  language = {russian}
}

% !!! этот пример НЕ работает с bibtex
% Тот же пример, с использованием https://www.ctan.org/pkg/biblatex-gost
@BOOK{Encyclopedia2,
  title = {Художественная энциклопедия зарубежного классического искусства},
  address = {М.},
  media = {eresource},
  publisher = {Большая Рос. энкцикл.},
  year = {1996},
  note = {1 электрон. опт. диск (CD-ROM)},
  language = {russian},
}

@ARTICLE{Nasirova,
  author = {Насырова, Г. А.},
  title = {Модели государственного регулирования страховой деятельности [Электронный ресурс]},
  journal = {Вестник Финансовой академии},
  year = {2003},
  media = {eresource},
  number = {4},
  note = {Режим доступа: http://vestnik.fa.ru/4(28)2003/4.html},
  language = {russian}
}

% ГОСТ Р 7.0.11-2011, Приложение Б, Статьи

@ARTICLE{Berestova,
  author = {Берестова, Т. Ф.},
  title = {Поисковые инструменты библиотеки},
  journal = {Библиография},
  year = {2006},
  number = {4},
  pages = {19},
  language = {russian}
}

@ARTICLE{Kriger,
  author = {Кригер, И.},
  title =  {Бумага терпит},
  journal = {Новая газета},
  year = {2009},
  note = {1 июля},
  language = {russian}
}


% Examples from https://verbosus.com/bibtex-style-examples.html
@ARTICLE{Article,
  author   = {Peter Adams},
  title    = {The title of the work},
  journal  = {The name of the journal},
  year     = {1993},
  number   = {2},
  pages    = {201-213},
  month    = {7},
  note     = {An optional note},
  volume   = {4},
  language = {english}
}

@BOOK{Book,
  author    = {Peter Babington},
  title     = {The title of the work},
  publisher = {The name of the publisher},
  year      = {1993},
  volume    = {4},
  series    = {10},
  address   = {The address},
  edition   = {3},
  month     = {7},
  note      = {An optional note},
  isbn      = {3257227892},
  language  = {english}
}

@BOOKLET{Booklet,
  title        = {The title of the work},
  author       = {Peter Caxton},
  howpublished = {How it was published},
  address      = {The address of the publisher},
  month        = {7},
  year         = {1993},
  note         = {An optional note},
  language     = {english}
}

@CONFERENCE{Conference,
  author       = {Peter Draper},
  title        = {The title of the work},
  booktitle    = {The title of the book},
  year         = {1993},
  editor       = {The editor},
  volume       = {4},
  series       = {5},
  pages        = {213},
  address      = {The address of the publisher},
  month        = {7},
  organization = {The organization},
  publisher    = {The publisher},
  note         = {An optional note},
  language     = {english}
}

@INBOOK{Inbook,
  author       = {Peter Eston},
  title        = {The title of the work},
  booktitle    = {Book title},
  chapter      = {8},
  pages        = {201-213},
  publisher    = {The name of the publisher},
  year         = {1993},
  volume       = {4},
  series       = {5},
  address      = {The address of the publisher},
  edition      = {3},
  month        = {7},
  note         = {An optional note},
  language     = {english}
}

@INCOLLECTION{Incollection,
  author       = {Peter Farindon},
  title        = {The title of the work},
  booktitle    = {The title of the book},
  publisher    = {The name of the publisher},
  year         = {1993},
  editor       = {The editor},
  volume       = {4},
  series       = {5},
  chapter      = {8},
  pages        = {201-213},
  address      = {The address of the publisher},
  edition      = {3},
  month        = {7},
  note         = {An optional note},
  language     = {english}
}

@MANUAL{Manual,
  title        = {The title of the work},
  author       = {Peter Gainsford},
  organization = {The organization},
  address      = {The address of the publisher},
  edition      = {3},
  month        = {7},
  year         = {1993},
  note         = {An optional note},
  language     = {english}
}

@MASTERSTHESIS{Mastersthesis,
  author       = {Peter Harwood},
  title        = {The title of the work},
  school       = {The school where the thesis was written},
  year         = {1993},
  address      = {The address of the publisher},
  month        = {7},
  note         = {An optional note},
  language     = {english}
}

@MISC{Misc,
  author       = {Peter Isley},
  title        = {The title of the work},
  howpublished = {How it was published},
  month        = {7},
  year         = {1993},
  note         = {An optional note},
  language     = {english}
}

@PHDTHESIS{Phdthesis,
  author       = {Peter Joslin},
  title        = {The title of the work},
  school       = {The school where the thesis was written},
  year         = {1993},
  address      = {The address of the publisher},
  month        = {7},
  note         = {An optional note},
  language     = {english}
}

@PROCEEDINGS{Proceedings,
  title        = {The title of the work},
  year         = {1993},
  editor       = {Peter Kidwelly},
  volume       = {4},
  series       = {5},
  address      = {The address of the publisher},
  month        = {7},
  organization = {The organization},
  publisher    = {The name of the publisher},
  note         = {An optional note},
  language     = {english}
}

@TECHREPORT{Techreport,
  author       = {Peter Lambert},
  title        = {The title of the work},
  institution  = {The institution that published},
  year         = {1993},
  number       = {2},
  address      = {The address of the publisher},
  month        = {7},
  note         = {An optional note},
  language     = {english}
}

@UNPUBLISHED{Unpublished,
  author       = {Peter Marcheford},
  title        = {The title of the work},
  note         = {An optional note},
  month        = {7},
  year         = {1993},
  language     = {english}
}

%%% Реальные примеры

% Инициалы должны быть записаны после запятой, с точками, через пробел
% http://www.kit-e.ru/articles/elcomp/2006_12_124.php
% Подчёркивания в ссылке приходится экранировать
% http://www.kit-e.ru/articles/elcomp/2006\_12\_124.php
@online{medvedev2006jelektronnye,
  title={Электронные компоненты и монтажные подложки},
  author={Медведев, А. М.},
  journal={Компоненты и технологии},
  number={12},
  pages={124--134},
  year={2006},
  medium={Электронный ресурс},
  url = {http://www.kit-e.ru/articles/elcomp/2006\_12\_124.php},
  urldate = {19.01.2015},
  language = {russian}
}

% Real example
% & в названии журнала надо экранировать
% 10.1002/1521-4125(200007)23:7<581::AID-CEAT581>3.0.CO;2-P
% < > в ссылке приходится экранировать %3C и %3E, а потом ещё знаки процента в них экранировать
% 10.1002/1521-4125(200007)23:7%3C581::AID-CEAT581%3E3.0.CO;2-P
% 10.1002/1521-4125(200007)23:7\%3C581::AID-CEAT581\%3E3.0.CO;2-P
% url не нужен. если запись о бумажной публикации
@article {CEAT:CEAT581,
  author = {Deiters, U. K.},
  title = {A Modular Program System for the Calculation of Thermodynamic Properties of Fluids},
  journal = {Chemical Engineering \& Technology},
  volume = {23},
  number = {7},
  publisher = {WILEY-VCH Verlag},
  issn = {1521-4125},
  doi = {10.1002/1521-4125(200007)23:7<581::AID-CEAT581>3.0.CO;2-P},
  pages = {581--584},
  year = {2000},
  language = {english}
}

% Real with  4 authors
@article{doi:10.1080/01932691.2010.513279,
  author = {Young-Sang Cho and Young Kuk Kim and Kook Chae Chung and Chul Jin Choi },
  title = {Deformation of Colloidal Crystals for Photonic Band Gap Tuning},
  journal = {Journal of Dispersion Science and Technology},
  volume = {32},
  number = {10},
  pages = {1408-1415},
  year = {2011},
  doi = {10.1080/01932691.2010.513279},
  language = {english}
}

% doi with (), author with umlaut or other unicode or specific symbols, 9 authors
% latex don't like Gösele1999161 in ref
% Умляуты в авторах понимаются из-за поддержки в юникодной странице pdflatex и xelatex
% Иллюстрация того, что будет. если на английской записи будут поставлена пометка, что язык русский
@article{Gosele1999161,
  title = "Wafer bonding for microsystems technologies",
  journal = "Sensors and Actuators A: Physical",
  volume = "74",
  number = "1–3",
  pages = "161 - 168",
  year = "1999",
  issn = "0924-4247",
  doi = "10.1016/S0924-4247(98)00310-0",
  author = "Gösele, U. and Tong, Q.-Y. and Schumacher, A. and Kräuter, G. and Reiche, M. and Plößl, A. and Kopperschmidt, P. and Lee, T.-H. and Kim, W.-J.",
  keywords = "Wafer bonding",
  keywords = "Fusion bonding",
  keywords = "Pressure sensors",
  keywords = "Interface reactions",
  keywords = "Hydrophilic bonding",
  keywords = "Hydrophobic bonding",
  language = {russian}
}

% Real example (from Google or Springer)
% unmodified styles don't know %language = {English}
% язык писать с маленьких
% иллюстрация incollection
% 10.1007/0-387-32989-7_45
% Подчёркивания в DOI приходится экранировать
% 10.1007/0-387-32989-7\_45
@incollection{Li2007StressAnalysis,
  year={2007},
  isbn={978-0-387-27974-9},
  booktitle={Micro- and Opto-Electronic Materials and Structures: Physics, Mechanics, Design, Reliability, Packaging},
  editor={Suhir, E. and Lee, Y. C. and Wong, C. P.},
  doi={10.1007/0-387-32989-7_45},
  title={Stress Analysis for Processed Silicon Wafers and Packaged Micro-devices},
  publisher={Springer US},
  author={Li, Li and Guo, Yifan and Zheng, Dawei},
  pages={B677-B709},
  language={english}
}

% Real, β sign
% inputenc don't know β sign %aluminosilicate-β-quartz
% Знаки типа β, которые не знает таблица кодировки, с которой работает компилятор нужно заменять на latex команды
% doi должен быть без http://dx.doi.org/
@article{Shoji199895,
title = "Low-temperature anodic bonding using lithium aluminosilicate-\(\beta\)-quartz glass ceramic",
journal = "Sensors and Actuators A: Physical",
volume = "64",
number = "1",
pages = "95 - 100",
year = "1998",
note = "Tenth {IEEE} International Workshop on Micro Electro Mechanical Systems ",
issn = "0924-4247",
doi = "10.1016/S0924-4247(97)01659-2",
author = {Shuichi Shoji and Hiroto Kikuchi and Hirotaka Torigoe},
keywords = "Anodic bonding",
keywords = "Low-temperature bonding",
keywords = "Micro assembly",
keywords = "Micro package",
keywords = "Glass ceramic",
}


% from urlbst package
% Example from Jason Eisner, by mail (nothing special about the entry,
% but he seemed to be having formatting problems with unsrturl and proceedings
% entries.
% http://cs.jhu.edu/~jason/papers/#icassp07
@InProceedings{test:eisner-sample,
  author =       {Damianos Karakos and Sanjeev Khudanpur and Jason
                  Eisner and Carey~E. Priebe},
  title =        {Iterative denoising using {J}ensen-{R}enyi
                  divergences with an application to unsupervised
                  document categorization},
  booktitle =    {Proceedings of ICASSP},
  year =         2007,
  url =          {http://cs.jhu.edu/~jason/papers/\#icassp07}
}

@InProceedings{test:eisner-sample-shorted,
  author =       {Damianos Karakos and Sanjeev Khudanpur and Jason
                  Eisner and Carey~E. Priebe},
  title =        {Iterative denoising using {J}ensen-{R}enyi
                  divergences with an application to unsupervised
                  document categorization},
  booktitle =    {Proceedings of ICASSP},
  shortbooktitle = {Proc. of ICASSP},
  year =         2007,
  url =          {http://cs.jhu.edu/~jason/papers/\#icassp07}
}

% Попытка записать патент имеющимися средствами
@Book{iofis_patent1960,
  title                    = {Способ пайки керамики с~керамикой и~стекла с~металлом : а.\,с.~126728 СССР},
  author                   = {Иофис, Н. А.},
  year                     = {1960},
  numpages                 = {Бюл. № 5.~1},
  language                 = {russian}
}

% Попытка записать патент имеющимися средствами
@Book{AB_patent_Pomerantz_1968,
  title                    = {Anodic bonding : patent no. 3397278 US},
  author                   = {Pomerantz, D. I.},
  year                     = {1968},
  language                 = {english}
}

% !!! этот пример НЕ работает с bibtex
% Примеры оформления патентов из пакета https://www.ctan.org/pkg/biblatex-gost
@Patent{patent2h,
  heading =      {Заявка 1095735 Рос. федерация, МПК\ensuremath{^7} B 64 G 1/00},
  author =       {Тернер, Э. В.},
  authortype =   {США},
  title =        {Одноразовая ракета-носитель},
  media =        {text},
  holder =       {{заявитель Спейс Системз/Лорал, инк.}},
  credits =      {патент. поверенный Егорова Г. Б.},
  reqnumber =    {2000108705/28},
  date =         {2000-04-07},
  publdate =     {2001-03-10},
  publication =  {Бюл. № 7 (I ч.)\midsentence},
  prdate =       {1999-04-09},
  prnumber =     {09/289, 037},
  prcountry =    {countryus},
  pagetotal =    {5 с.~: ил.},
  language =     {russian},
}

@Patent{patent3h,
  heading =      {А. с. 1007970 СССР, МКИ\ensuremath{^3} В 25.1 15/00},
  author =       {В. С. Ваулин and В. Г. Кемайкин},
  authortype =   {СССР},
  title =        {Устройство для захвата неориентированных деталей типа валов},
  media =        {text},
  reqnumber =    {3360585/25-08},
  date =         {1981-11-23},
  publication =  {Бюл. № 12},
  publdate =     {1983-03-30},
  pagetotal =    {2 с.~: ил.},
  language =     {russian},
}

@Patent{patent2,
  author =       {Тернер, Э. В.},
  authortype =   {США},
  title =        {Одноразовая ракета-носитель},
  media =        {text},
  type =         {patreq},
  number =       1095735,
  location =     {countryru},
  ipc =          {МПК\ensuremath{^7} B 64 G 1/00},
  holder =       {{заявитель Спейс Системз/Лорал, инк.}},
  credits =      {патент. поверенный Егорова Г. Б.},
  reqnumber =    {2000108705/28},
  date =         {2000-04-07},
  publdate =     {2001-03-10},
  publication =  {Бюл. № 7 (I ч.)\midsentence},
  prioritydate = {1999-04-09},
  prioritynumber ={09/289, 037},
  prioritycountry ={countryus},
  pagetotal =    {5 с.~: ил.},
  language =     {russian},
}
